@article{wattenberg2016how,
  author = {Wattenberg, Martin and Vi√©gas, Fernanda and Johnson, Ian},
  title = {How to Use t-SNE Effectively},
  journal = {Distill},
  year = {2016},
  url = {http://distill.pub/2016/misread-tsne},
  doi = {10.23915/distill.00002}
}

@article{kl2021,
  author = {Kobak, Dmitry and Linderman, George C.},
  title = {Initialization is critical for preserving global data structure in both t-SNE and UMAP},
  journal = {Nature Biotechnology},
  year = {2021},
  volume = 39, 
  number = 2, 
  doi = {10.1038/s41587-020-00809-z}
}

@article{belkina2019,
  author = {Belkina, Anna C. and Ciccolella, Christopher O. and Anno, Rina and Halpert, Richard and Spidlen, Josef and Snyder-Cappione, Jennifer E.},
  journal = {Nature Communications},
  number = {1},
  title = {Automated optimized parameters for T-distributed stochastic neighbor embedding improve visualization and analysis of large datasets},
  volume = {10},
  year = {2019}
}

@article{LindStein2022,
author = {Linderman, George C. and Steinerberger, Stefan},
title = {Dimensionality Reduction via Dynamical Systems: The Case of t-SNE},
journal = {SIAM Review},
volume = {64},
number = {1},
pages = {153-178},
year = {2022},
doi = {10.1137/21M1446769},
}

@article{CaiMa2022,
  author  = {T. Tony Cai and Rong Ma},
  title   = {Theoretical Foundations of t-SNE for Visualizing High-Dimensional Clustered Data},
  journal = {Journal of Machine Learning Research},
  year    = {2022},
  volume  = {23},
  number  = {301},
  pages   = {1--54},
  url     = {http://jmlr.org/papers/v23/21-0524.html}
}

@misc{murray2024largedatalimitsscaling,
      title={Large data limits and scaling laws for tSNE}, 
      author={Ryan Murray and Adam Pickarski},
      year={2024},
      eprint={2410.13063},
      archivePrefix={arXiv},
      primaryClass={math.ST},
      url={https://arxiv.org/abs/2410.13063}, 
}

@article{JMLR:v9:vandermaaten08a,
  author  = {Laurens van der Maaten and Geoffrey Hinton},
  title   = {Visualizing Data using t-SNE},
  journal = {Journal of Machine Learning Research},
  year    = {2008},
  volume  = {9},
  number  = {86},
  pages   = {2579--2605},
  url     = {http://jmlr.org/papers/v9/vandermaaten08a.html}
}