@article{samplemisc,
    author = {Bib, Author},
    title = {The Art of the Bib},
    journal = {Bibs reviewed},
    year = {2000},
    url = {ins.uni-bonn.de}}